<?xml version="1.0" encoding="UTF-8" ?>
<Document xmlns="urn:iso:std:iso:20022:tech:xsd:pain.008.001.02" xmlns:xsi="http://www.w3.org/2001/XMLSchemainstance">
	<CstmrDrctDbtInitn>
		<GrpHdr>
			<MsgId>MSGID001</MsgId>
			<CreDtTm>2012-02-22T09:29:54</CreDtTm>
			<NbOfTxs>1</NbOfTxs>
			<CtrlSum>1.01</CtrlSum>
			<InitgPty>
				<Nm>IPNORGANISATIENAAM</Nm>
			</InitgPty>
		</GrpHdr>
		<PmtInf>
			<PmtInfId>PAYID001</PmtInfId>
			<PmtMtd>DD</PmtMtd>
			<NbOfTxs>1</NbOfTxs>
			<CtrlSum>1.01</CtrlSum>
			<PmtTpInf>
				<SvcLvl>
					<Cd>SEPA</Cd>
				</SvcLvl>
				<LclInstrm>
					<Cd>CORE</Cd>
				</LclInstrm>
				<SeqTp>OOFF</SeqTp>
			</PmtTpInf>
			<ReqdColltnDt>2012-02-05</ReqdColltnDt>
			<Cdtr>
				<Nm>NAAM</Nm>
				<PstlAdr>
					<Ctry>NL</Ctry>
					<AdrLine>Dorpstraat 1</AdrLine>
					<AdrLine>Amsterdam</AdrLine>
				</PstlAdr>
			</Cdtr>
			<CdtrAcct>
				<Id>
					<IBAN>NL28INGB0000000001</IBAN>
				</Id>
			</CdtrAcct>
			<CdtrAgt>
				<FinInstnId>
					<BIC>INGBNL2A</BIC>
				</FinInstnId>
			</CdtrAgt>
			<ChrgBr>SLEV</ChrgBr>
			<DrctDbtTxInf>
				<PmtId>
					<InstrId>01-E30220000000382012</InstrId>
					<EndToEndId>E2EID001</EndToEndId>
				</PmtId>
				<InstdAmt Ccy="EUR">1.01</InstdAmt>
				<DrctDbtTx>
					<MndtRltdInf>
						<MndtId>MANDAATIDNR001</MndtId>
						<DtOfSgntr>2011-12-31</DtOfSgntr>
						<AmdmntInd>false</AmdmntInd>
					</MndtRltdInf>
					<CdtrSchmeId>
						<Id>
							<PrvtId>
								<Othr>
									<Id>NL89ZZZ011234567890</Id>
									<SchmeNm>
										<Prtry>SEPA</Prtry>
									</SchmeNm>
								</Othr>
							</PrvtId>
						</Id>
					</CdtrSchmeId>
				</DrctDbtTx>
				<DbtrAgt>
					<FinInstnId>
						<BIC>INGBNL2A</BIC>
					</FinInstnId>
				</DbtrAgt>
				<Dbtr>
					<Nm>NAAM</Nm>
				</Dbtr>
				<DbtrAcct>
					<Id>
						<IBAN>NL98INGB0000000002</IBAN>
					</Id>
				</DbtrAcct>
				<Purp>
					<Cd>OTHR</Cd>
				</Purp>
				<RmtInf>
					<Ustrd>Omschrijving / vrije tekst</Ustrd>
				</RmtInf>
			</DrctDbtTxInf>
		</PmtInf>
	</CstmrDrctDbtInitn>
</Document>
