<?xml version="1.0" encoding="UTF-8" ?>
<Document xmlns="urn:iso:std:iso:20022:tech:xsd:pain.001.001.03"
	xmlns:xsi="http://www.w3.org/2001/XMLSchemainstance">
	<CstmrCdtTrfInitn>
		<GrpHdr>
			<MsgId>MSGID005</MsgId>
			<CreDtTm>2013-04-02T14:52:09</CreDtTm>
			<NbOfTxs>1</NbOfTxs>
			<CtrlSum>1.01</CtrlSum>
			<InitgPty>
				<Nm>IPNORGANIZTIONNAME</Nm>
			</InitgPty>
		</GrpHdr>
		<PmtInf>
			<PmtInfId>PAYID001</PmtInfId>
			<PmtMtd>TRF</PmtMtd>
			<NbOfTxs>1</NbOfTxs>
			<CtrlSum>1.01</CtrlSum>
			<PmtTpInf>
				<SvcLvl>
					<Cd>SEPA</Cd>
				</SvcLvl>
			</PmtTpInf>
			<ReqdExctnDt>2013-04-19</ReqdExctnDt>
			<Dbtr>
				<Nm>NAAM Debtor</Nm>
			</Dbtr>
			<DbtrAcct>
				<Id>
					<IBAN>NL28INGB0000000001</IBAN>
				</Id>
			</DbtrAcct>
			<DbtrAgt>
				<FinInstnId>
					<BIC>INGBNL2A</BIC>
				</FinInstnId>
			</DbtrAgt>
			<ChrgBr>SLEV</ChrgBr>
			<CdtTrfTxInf>
				<PmtId>
					<EndToEndId>E2EID001</EndToEndId>
				</PmtId>
				<Amt>
					<InstdAmt Ccy="EUR">1.01</InstdAmt>
				</Amt>
				<CdtrAgt>
					<FinInstnId>
						<BIC>INGBNL2A</BIC>
					</FinInstnId>
				</CdtrAgt>
				<Cdtr>
					<Nm>NAAM cdtr</Nm>
				</Cdtr>
				<CdtrAcct>
					<Id>
						<IBAN>NL98INGB0000000002</IBAN>
					</Id>
				</CdtrAcct>
				<RmtInf>
					<Ustrd>Ref. 2012.0386</Ustrd>
				</RmtInf>
			</CdtTrfTxInf>
		</PmtInf>
	</CstmrCdtTrfInitn>
</Document>
